<?xml version="1.0" encoding="UTF-8"?><record xmlns="http://www.loc.gov/MARC21/slim" xmlns:cinclude="http://apache.org/cocoon/include/1.0" xmlns:zs="http://www.loc.gov/zing/srw/">
  <leader>00793cz  a2200157n  4500</leader>
  <controlfield tag="001">n  81006228 </controlfield>
  <controlfield tag="003">DLC</controlfield>
  <controlfield tag="005">20090123075542.0</controlfield>
  <controlfield tag="008">810121n| acannaabn          |a ana      </controlfield>
  <datafield tag="010" ind1=" " ind2=" ">
    <subfield code="a">n  81006228 </subfield>
  </datafield>
  <datafield tag="035" ind1=" " ind2=" ">
    <subfield code="a">(OCoLC)oca00552297</subfield>
  </datafield>
  <datafield tag="040" ind1=" " ind2=" ">
    <subfield code="a">DLC</subfield>
    <subfield code="b">eng</subfield>
    <subfield code="c">DLC</subfield>
    <subfield code="d">DLC</subfield>
    <subfield code="d">OCoLC</subfield>
  </datafield>
  <datafield tag="110" ind1="2" ind2=" ">
    <subfield code="a">Artemij Kyryluk Art Foundation</subfield>
  </datafield>
  <datafield tag="410" ind1="2" ind2=" ">
    <subfield code="a">Mystet︠s︡ʹka fundat︠s︡ii︠a︡ im. Artemii︠a︡ Kyryli︠u︡ka</subfield>
  </datafield>
  <datafield tag="410" ind1="2" ind2=" ">
    <subfield code="a">Ukrainian Orthodox Church of the USA.</subfield>
    <subfield code="b">Consistory.</subfield>
    <subfield code="b">Artemij Kyryluk Art Foundation</subfield>
  </datafield>
  <datafield tag="670" ind1=" " ind2=" ">
    <subfield code="a">Kyryli︠u︡k, A. Artemiĭ Kyryli︠u︡k, 1972 (a.e.)</subfield>
    <subfield code="b">t.p. (Mystetsʹka fundat︠s︡ii︠a︡ im. Artemii︠a︡ Kyryli︠u︡ka pry Konsystoriï UPT︠S︡ v Bavnd Bruky, N. Dz︠h︡) p. 3 (Artemij Kyryluk Art Foundation of the Consistory of Ukrainian Orthodox Church of USA)</subfield>
  </datafield>
</record>